@MISC{url:getcode,
	author = {Google},
	title = {Get the code},
	year = {2012},
	url = {http://www.chromium.org/developers/how-tos/get-the-code}
}
@MISC{url:downloadpage,
	author = {Google},
	title = {Download address},
	year = {2012},
	url = {http://chromium-browser-source.commondatastorage.googleapis.com/chromium_tarball.html}
}
@MISC{url:installdeps,
	author = {Google},
	title = {Linux Build prerequisites},
	year = {2012},
	url = {http://code.google.com/p/chromium/wiki/LinuxBuildInstructionsPrerequisites}
}
@MISC{url:paintDetail,
	author = {W3C},
	title = {Elaborate description of Stacking Contexts},
	year = {2012},
	url = {http://www.w3.org/TR/CSS21/zindex.html}
}
@MISC{url:webkitLoadResource,
	author = {WebKit.org},
	title = {How WebKit Loads a Web Page},
	year = {2010},
	url = {http://www.webkit.org/blog/1188/how-webkit-loads-a-web-page/}
}
@MISC{url:parseAlgorithm,
	author = {Whatwg.org},
	title = {Parsing HTML documents}
	year = {2012},
	url = {http://www.whatwg.org/specs/web-apps/current-work/multipage/parsing.html}
}
